@misc{team_2020,
title={How to Combine PCA and K-means in Python?},
url={https://365datascience.com/pca-k-means/},
journal={365 Data Science},
author={Team, 365},
year={2020},
}

@article{abakoumkin_2018,
title={Mere Exposure Effects in the Real World: Utilizing Natural Experiment Features from the Eurovision Song Contest},
volume=40,
DOI={10.1080/01973533.2018.1474742},
number=4,
journal={Basic and Applied Social Psychology},
author={Abakoumkin, Georgios},
year=2018,
pages={236–247}
}


@article{arther_2007,
author={Arthur, David and Vassilvitskii, Sergei},
year={2007},
title={K-Means++: the advantages of careful seeding},
journal={Proceedings of the Eighteenth Annual ACM-SIAM Symposium on Discrete Algorithms},
volume={8},
number={},
pages={1027-1035},
DOI={10.1145/1283383.1283494},
}

@article{aucouturier_2003,
author={Aucouturier, Jean-Julien and Pachet, François},
year=2003,
title={Representing musical genre: A state of the art},
journal={Journal of New Music Research},
volume=32,
number=1,
pages={83-93},
DOI={10.1076/jnmr.32.1.83.16801},
}

@article{bauer_2019,
author={Bauer, Christine and Schedl, Markus},
year={2019},
title={Global and country-specific mainstreaminess measures: Definitions, analysis, and usage for improving personalize music recommendation systems},
journal={PLOS ONE},
volume={14},
number={6},
pages={1-36},
DOI={10.1371/journal.pone.0217389},
}

@article{berlyne_1970,
author={Berlyne, Daniel},
year={1970},
title={Novelty, complexity, and hedonic value},
journal={Perception & Psychophysics},
volume={8},
number={5},
pages={279-286},
DOI={10.3758/BF03212593},
}

@article{blangiardo_2014,
author={Blangiardo, Marta and Baio, Gianluca},
year={2014},
title={Evidence of bias in the Eurovision song contest: modelling the votes using Bayesian hierarchical models},
journal={Journal of Applied Statistics},
volume={41},
number={10},
pages={2312–2322},
DOI={10.1080/02664763.2014.909792},
}

@article{blei_2003,
author={Blei, David and Ng, Andrew and Jordan, Michael},
year={2003},
title={Latent  dirichlet allocation},
journal={Journal of Machine Learning Research},
volume={3},
number={},
pages={993-1022},
DOI={},
url=http://www.jmlr.org/papers/v3/blei03a
}

@article{bogdanov_2013,
author={Bogdanov, Dmitry and Wack, Nicolas and Gomez, Emilia and Gulati, Sankalp and Herrera, Perfecto and Mayor, Oscar  and Roma, Gerard and Salamon, Justin and Zapata, Jose and Serra, Xavier},
year={2013},
title={ESSENTIA: an Audio Analysis Library for Music Information Retrieval},
journal={International Society for Music Information Retrieval Conference (ISMIR'13)},
volume={},
number={},
pages={493-498},
DOI={},
url=http://www.justinsalamon.com/uploads/4/3/9/4/4394963/bogdanov_essentia_ismir13.pdf
}

@article{campello_2006,
author={Campello, Ricardo and Hruschka, Estevam},
year={2006},
title={A fuzzy extension of the silhouette width criterion for cluster analysis},
journal={Fuzzy Sets and Systems},
volume={157},
number={21},
pages={2858-2875},
DOI={10.1016/j.fss.2006.07.006},
}

@article{chandwadkar_2013,
author={Chandwadkar, Dinesh and Sutaone, Mukul},
year={2013},
title={Selecting proper features and classifiers for accurate identification of musical instruments},
journal={International Journal of Machine Learning and Computing},
volume={3},
number={2},
pages={},
DOI={},
url={https://pdfs.semanticscholar.org/53ab/022283cf6c314bbcb60493530f0c2a4079e2.pdf},
}

@article{chen_2006,
author={Chen, Lei and Gunduz, Sule and Ozsu, M},
year={2006},
title={Mixed type audio classification with support vector machine},
journal={IEEE International Conference on Multimedia and Expo},
volume={},
number={},
pages={781-784},
DOI={10.1109/ICME.2006.262954},
}

@article{corrêa_2016,
author={Corrêa, Debora and Rodrigues, Francisco},
year={2016},
title={A survey on symbolic data-based music genre classification},
journal={Expert Systems with Applications},
volume={60},
number={},
pages={190-210},
DOI={10.1016/j.eswa.2016.04.008},
}

@article{cyril_2009,
author={Laurier, Cyril and Lartillot, Olivier and Eerola, Thomas and Toivianen, Petri},
year={2009},
title={Exploring relationships between audio features and emotion in music},
journal={Proceedings of the 7th Triennial Conference of European Society for the Cognitive Sciences of Music},
volume={},
number={},
pages={260-264},
url={https://jyx.jyu.fi/handle/123456789/20889}
}


@article{davies_1979,
author={Davies, David and Bouldin, Donald},
year={1979},
title={A cluster separation measure},
journal={IEEE Transactions on Pattern Analysis and Machine Intelligence},
volume={1},
number={2},
pages={224-227},
DOI={10.1109/TPAMI.1979.4766909},
}

@misc{eurovision_song_contest_2020,
title={Introducing the AI Song Contest!},
url={https://eurovision.tv/story/introducing-the-ai-song-contest},
journal={Eurovision Song Contest},
year={2020},
}

@article{fu_2011,
author={Fu, Zhouyu and Lu, Goujun and Ting, Kai Ming and Zhang, Dengsheng},
year={2011},
title={A Survey of Audio-Based Music Classification and Annotation},
journal={IEEE Transactions on Multimedia},
volume={13},
number={2},
pages={303-319},
DOI={10.1109/TMM.2010.2098858},
}

@article{ginsburgh_2008,
author={Ginsburgh, Victor and Noury, Abdul},
year={2008},
title={The Eurovision Song Contest. Is voting political or cultural?},
journal={European Journal of Political Economy},
volume={24},
number={1},
pages={41-52},
DOI={doi:10.1016/j.ejpoleco.2007.05.004},
}

@article{goienetxea_2018,
author={Goienetxea, Izaro and Martínez-Otzeta, José Maria and Sierra, Basilio and Mendialdua, Iñigo}
year={2018},
title={Towards the use of similarity distances to music genre classification: A comparative study},
journal={PLOS ONE},
volume={13},
number={2},
pages={1-18},
DOI={10.1371/journal.pone.0191417},
}

@article{gómez_2008,
author={Gómez, Emilia and Herrera, Perfecto},
year={2008},
title={Comparative Analysis of Music Recordings from Western and Non-Western traditions by Automatic Tonal Feature Extraction},
journal={Empirical Musicology Review},
volume={3},
number={3},
pages={140-156},
DOI={10.18061/1811/34105},
}

@article{hearst_1997,
author={Hearst, Marti},
year={1997},
title={Dissonance on audio interfaces},
journal={IEEE Expert},
volume={12},
number={5},
pages={10-16},
DOI={10.1109/64.621221},
}

@article{hillewaere_2013,
author={Hillewaere, Ruben and Manderick, Bernard and Conklin, Darrell},
year={2013},
title={Alignment methods for folk tune classification},
journal={Data Analysis, Machine Learning and Knowledge Discovery},
volume={},
number={},
pages={369-377},
DOI={10.1007/978-3-319-01595-8_40},
}

@article{hunter_2007,
author={Hunter, John},
year={2007},
title={Matplotlib: A 2D graphics environment},
journal={Computing in Science & Engineering},
volume={9},
number={3},
pages={90-95},
DOI={10.1109/MCSE.2007.55},
}

@article{jiang_2002,
author={Jiang, Dan-Ning and Lu, Lie and Zhang, Hong-Jiang and Tao, Jian-Hua, and Cai, Lian-Hong},
year={2002},
title={Music type classification by spectral contrast feature},
journal={IEEE International Conference on Multimedia and Expo},
volume={1},
number={},
pages={113-116},
DOI={10.1109/ICME.2002.1035731},
}

@article{jensen_2006,
author={Jensen, Jesper and Christensen, Mads and Murthi, Manhoar and Jensen, Søren},
year={2006},
title={Evaluation of MFCC estimation techniques for music similarity},
journal={14th European Signal Processing Conference},
volume={},
number={},
pages={},
url={https://www.researchgate.net/publication/200806189_Evaluation_of_MFCC_estimation_techniques_for_music_similarity},
}

@article{kashif_2006,
author={Kashif Saeed Khan, M and Al-Khatib, W},
year={2006},
title={Machine-learning based classification of speech and music},
journal={Multimedia Systems},
volume={12},
number={1},
pages={55-67},
DOI={10.1007/s00530-006-0034-0},
}

@article{lampropoulos_2003,
author={Lampropoulos, Aristomenis and Tsihrintzis, George},
year={2003},
title={Agglomerative hierarchical clustering for musical database visualization and browsing},
journal={University of Piraeus},
url={https://www.semanticscholar.org/paper/Agglomerative-Hierarchical-Clustering-For-Musical-Lampropoulos-Tsihrintzis/ffc1b6a78407d1f77744773233e0a59d5a3bab0e},
}

@article{lie_2018,
author={Liu, Meijun and Hu, Xiao and Schedl, Markus},
year={2018},
title={The relation of culture, socio-economics, and friendship to music preferences: A large-scale, cross-country study},
journal={PLOS ONE},
volume={13},
number={12},
pages={1-29},
DOI={10.1371/journal.pone.0208186},
}

@article{lletí_2004,
author={Lletí, Rosello and Ortiz, M and Sarabia, L and Sánchez, M},
year={2004},
title={Selecting variables for k-means cluster analysis by using a genetic algorithm that optimises the silhouettes},
journal={Analytica Chimica Acta},
volume={515},
number={1},
pages={87-100},
DOI={10.1016/j.aca.2003.12.020},
}

@article{logan_2000,
author={Logan, Beth},
year={2000},
title={Mel frequency cepstral coefficients for music modeling},
journal={Proceedings 1st International Symposium Music Information Retrieval},
url={https://www.researchgate.net/publication/2552483_Mel_Frequency_Cepstral_Coefficients_for_Music_Modeling},
}

@article{marques_2011,
author={Marques, Gonçalo and Langlois, Thbault and Gouyon, Fabien and Lopes, Miguel & Sordo, Mohamed},
year={2011},
title={Short-term feature space and music genre classification},
journal={Journal of New Music Research},
volume={40},
number={2},
pages={127–137},
DOI={10.1080/09298215.2011.573563},
}

@article{31,
author={},
year={},
title={},
journal={},
volume={},
number={},
pages={},
DOI={},
}

@article{mckinney_2010,
author={McKinney, Wes},
year={2010},
title={Data structures for statistical computing in python},
journal={In Proceedings of the 9th Python in Science Conference},
volume={445},
pages={51-56},
url={https://conference.scipy.org/proceedings/scipy2010/pdfs/mckinney.pdf},
}

@article{mukherjee_2018,
author={Mukherjee, Himadri and Obaidullah, S., Santosh, K., Phadikar, Santanu, & Roy, Kaushik},
year={2018},
title={Line spectral frequency-based features and extreme learning machine for voice activity detection from audio signal},
journal={International Journal of Speech Technology},
volume={21},
number={},
pages={753-760},
DOI={10.1007/s10772-018-9525-6},
}

@article{nakamura_2013,
author={Nakamura, Eita & Kaneko, Kunihiko},
year={2013},
title={Statistical evolutionary laws in music styles},
journal={Scientific Reports},
volume={9},
number={1},
DOI={10.1038/s41598-019-52380-6},
}

@article{ni_2012,
author={Ni, Yizhao and McVicar, Matt and Santos-Rodriguez, Rául and De Bie, Tijl},
year={2012},
title={An end-to-end machine learning system for harmonic analysis of music},
journal={IEEE Transactions on Audio, Speech, and Language Processing},
volume={20},
number={6},
pages={1771-1783},
DOI={10.1109/TASL.2012.2188516},
}

@article{ning_2006,
author={Ning, Huazhong and Liu, Ming and Tang, Hao and Huang, Thomas},
year={2006},
title={A spectral clustering approach to speaker diarization},
journal={International Conference on Spoken Language Processing},
volume={9},
url={https://www.isca-speech.org/archive/interspeech_2006/i06_1607.html},
}

@article{pachet_2009,
author={Pachet, François and Roy, Pierre},
year={2009},
title={Analytical features: A knowledge-based approach to audio feature generation},
journal={EURASIP Journal on Audio, Speech, and Music Processing},
number={1},
pages={23},
DOI={10.1155/2009/153017},
}

@article{panda_2015,
author={Panda, Renato and Rocha, Bruno & Paiva, Rui Pedro},
year={2015},
title={Music emotion recognition with standard and melodic audio features},
journal={Applied Artificial Intelligence},
volume={29},
number={4},
pages={313-334},
DOI={10.1080/08839514.2015.1016389},
}

@article{praus_2005a,
author={Praus, Petr},
year={2005},
title={SVD-based principal component analysis of geochemical data},
journal={Central European Journal of Chemistry},
volume={3},
number={},
pages={731–741},
DOI={10.2478/BF02475200},
}

@article{praus_2005b,
author={Praus, Petr},
year={2005},
title={Water quality assessment using SVD-based principal component analysis of hydrological data},
journal={Water SA},
volume={31},
number={4},
pages={417-422},
DOI={10.4314/wsa.v31i4.5132},
}

@article{parmer_2019,
author={Parmer, Thomas and Ahn, Yong-Yeol},
year={2019},
title={Evolution of the informational complexity of contemporary western music},
journal={Proceedings of the 20th International Conference on Music Information Retrieval},
pages={175-182},
archivePrefix = {arXiv},
eprint    = {1907.04292},
}

@article{pedregosa_2011,
author={Pedregosa, Fabian and Varoquaux, Gaël and Gramfort, Alexandre and Michel, Vincent and Thirion, Bertrand and Grisel, Olivier and Blondel, Mathieu and Prettenhofer, Peter and Weiss, Ron and Dubourg, Vincent and Vanderplas, Jake and Passos, Alexandre and Cournapeau, David and Brucher, Matthieu and Perrot, Matthieu and Duchesnay, Édouard},
year={2011},
title={Scikit-learn: machine learning in python},
journal={Journal of Machine Learning Research},
volume={12},
number={85},
pages={2825–2830},
url={http://www.jmlr.org/papers/v12/pedregosa11a},
}

@article{ramona_2011,
author={Ramona, Matthieu and Peeters, Geoffroy},
year={2011},
title={Audio identification based on spectral modeling of bark-bands energy and synchronization through onset detection},
journal={2011 IEEE International Conference on Acoustics, Speech and Signal Processing (ICASSP)},
pages={477-480},
DOI={10.1109/ICASSP.2011.5946444},
}

@article{rouusseeuw_1986,
author={Rousseeuw, Peter},
year={1986},
title={Silhouettes: A graphical aid to the interpretation and validation of cluster analysis},
journal={Journal of Computational and Applied Mathematics},
volume={20},
pages={53-56},
DOI={10.1016/0377-0427(87)90125-7},
}

@article{salvador_2006,
author={Salvador, S and Chan, P},
year={2006},
title={Determining the number of clusters/segments in hierarchical clustering/segmentation algorithms},
journal={16th IEEE International Conference on Tools with Artificial Intelligence},
pages={576-584},
DOI={10.1109/ICTAI.2004.50},
}

@article{satopaa_2011,
author={Satopaa, Ville and Albrecht, Jeannie and Irwin, David and Raghavan, Barath},
year={2011},
title={Finding a "kneedle" in a haystack: Detecting knee points in system behavior},
journal={31st International Conference on Distributed Computing Systems Workshops},
pages={166-171},
DOI={10.1109/ICDCSW.2011.20},
}

@article{smith_1999,
author={Smith, J and Abel, J},
year={1999},
title={Bark and ERB bilinear transforms},
journal={IEEE Transactions on Speech and Audio Processing},
volume={7},
number={6},
pages={697-708},
DOI={10.1109/89.799695},
}

@article{sterckx_2014,
author={Sterckx, Lucas and Demeester, Thomas and Deleu, Johannes and Mertens, Laurent and Develder Chris},
year={2014},
title={Assessing quality of unsupervised topics in song lyrics},
journal={Advances in Information Retrieval. ECIR 2014: Advances in Information Retrieval},
volume={8416},
pages={547-552},
DOI={2443/10.1007/978-3-319-06028-6_55},
}

@article{stockemer_2018,
author={Stockemer, David and Blais, André and Kostelka, Filip and Chhim, Chris},
year={2018},
title={Voting in the eurovision song contest},
journal={Politics},
volume={38},
number={4},
pages={428-442},
DOI={10.1177/0263395717737887},
}

@article{sturm_2013,
author={Sturm, Bob},
year={2013},
title={Classification accuracy is not enough},
journal={Journal of Intelligent Information Systems},
volume={41},
pages={371-406},
DOI={10.1007/s10844-013-0250-y},
}

@article{udmale_2019,
author={Udmale, Sandeep and Patil, Sangram and Phalle, Vikas and Singh, Sanjay},
year={2019},
title={A bearing vibration data analysis based on spectral kurtosis and ConvNet},
journal={Journal of New Music Research},
volume={42},
number={1},
pages={1-18},
DOI={10.1080/09298215.2012.718790},
}

@article{valero_2012,
author={Valero, Xavier and Alias, Francesc},
year={2012},
title={Gammatone cepstral coefficients: Biologically inspired features for non-speech audio classification},
journal={IEEE Transactions on Multimedia},
volume={14},
number={6},
pages={1684-1689},
DOI={10.1109/TMM.2012.2199972},
}

@article{van_kranenburg_2013,
author={van Kranenburg, Peter and Volk, Anja and Wiering, Frans},
year={2013},
title={A comparison between global and local features for computational classification of folk song melodies},
journal={Journal of New Music Research},
volume={42},
number={1},
pages={1-18},
DOI={10.1080/09298215.2012.718790},
}

@article{verrier_2012,
author={Verrier, Diarmuid},
year={2012},
title={Evidence for the influence of the mere-exposure effect on voting in the 
eurovision song contest},
journal={Judgment & Decision Making},
volume={7},
number={5},
pages={639-643},
url={http://shura.shu.ac.uk/7451/},
}

@article{wall_2003,
author={Wall Michael and Rechtsteiner, Andreas and Rocha Luis},
year={2003},
title={Singular value decomposition and principal component analysis},
journal={A Practical Approach to Microarray Data Analysis},
pages={91-109},
DOI={10.1007/0-306-47815-3_5},
}